<?xml version="1.0" encoding="UTF-8"?><collection xmlns="http://www.loc.gov/MARC21/slim"><record><leader>00535nam--2200193-u-4500</leader><controlfield tag="001">000052160</controlfield><controlfield tag="002">20161230</controlfield><controlfield tag="005">20161230201049</controlfield><controlfield tag="008">091028s1000------------r-----000-0-eng-d</controlfield><datafield ind1=" " ind2=" " tag="040"><subfield code="a">IFIN-HH</subfield></datafield><datafield ind1=" " ind2=" " tag="080"><subfield code="a">621.376.826</subfield></datafield><datafield ind1="1" ind2=" " tag="100"><subfield code="a">Basov,Ya.G.(s.A.)</subfield></datafield><datafield ind1="1" ind2=" " tag="245"><subfield code="a">Kineticheskie Modeli v Lazernoi Fizike i Teorii Kolebanii</subfield></datafield><datafield ind1=" " ind2=" " tag="260"><subfield code="a">Moskva</subfield><subfield code="b">Nauka</subfield><subfield code="c">1980</subfield></datafield><datafield ind1=" " ind2=" " tag="300"><subfield code="a">252 p</subfield></datafield><datafield ind1=" " ind2=" " tag="490"><subfield code="a">Trudy Ordena Lenina Fiziceskogo Instituta im.P.N.Lebedeva</subfield><subfield code="v">Tom 120</subfield></datafield><datafield ind1=" " ind2=" " tag="700"><subfield code="a">N.G.Basov</subfield></datafield><datafield ind1=" " ind2=" " tag="852"><subfield code="a">6456</subfield></datafield><datafield ind1=" " ind2=" " tag="CAT"><subfield code="a">Sys</subfield><subfield code="c">20091028</subfield><subfield code="h">073317</subfield></datafield></record></collection>